%YAML 1.1
%TAG !u! tag:unity3d.com,2011:
--- !u!29 &1
OcclusionCullingSettings:
  m_ObjectHideFlags: 0
  serializedVersion: 2
  m_OcclusionBakeSettings:
    smallestOccluder: 5
    smallestHole: 0.25
    backfaceThreshold: 100
  m_SceneGUID: 00000000000000000000000000000000
  m_OcclusionCullingData: {fileID: 0}
--- !u!104 &2
RenderSettings:
  m_ObjectHideFlags: 0
  serializedVersion: 9
  m_Fog: 0
  m_FogColor: {r: 0.5, g: 0.5, b: 0.5, a: 1}
  m_FogMode: 3
  m_FogDensity: 0.01
  m_LinearFogStart: 0
  m_LinearFogEnd: 300
  m_AmbientSkyColor: {r: 0.212, g: 0.227, b: 0.259, a: 1}
  m_AmbientEquatorColor: {r: 0.114, g: 0.125, b: 0.133, a: 1}
  m_AmbientGroundColor: {r: 0.047, g: 0.043, b: 0.035, a: 1}
  m_AmbientIntensity: 1
  m_AmbientMode: 0
  m_SubtractiveShadowColor: {r: 0.42, g: 0.478, b: 0.627, a: 1}
  m_SkyboxMaterial: {fileID: 10304, guid: 0000000000000000f000000000000000, type: 0}
  m_HaloStrength: 0.5
  m_FlareStrength: 1
  m_FlareFadeSpeed: 3
  m_HaloTexture: {fileID: 0}
  m_SpotCookie: {fileID: 10001, guid: 0000000000000000e000000000000000, type: 0}
  m_DefaultReflectionMode: 0
  m_DefaultReflectionResolution: 128
  m_ReflectionBounces: 1
  m_ReflectionIntensity: 1
  m_CustomReflection: {fileID: 0}
  m_Sun: {fileID: 0}
  m_IndirectSpecularColor: {r: 0.18028378, g: 0.22571412, b: 0.30692285, a: 1}
  m_UseRadianceAmbientProbe: 0
--- !u!157 &3
LightmapSettings:
  m_ObjectHideFlags: 0
  serializedVersion: 11
  m_GIWorkflowMode: 0
  m_GISettings:
    serializedVersion: 2
    m_BounceScale: 1
    m_IndirectOutputScale: 1
    m_AlbedoBoost: 1
    m_TemporalCoherenceThreshold: 1
    m_EnvironmentLightingMode: 0
    m_EnableBakedLightmaps: 1
    m_EnableRealtimeLightmaps: 1
  m_LightmapEditorSettings:
    serializedVersion: 10
    m_Resolution: 2
    m_BakeResolution: 40
    m_AtlasSize: 1024
    m_AO: 0
    m_AOMaxDistance: 1
    m_CompAOExponent: 1
    m_CompAOExponentDirect: 0
    m_Padding: 2
    m_LightmapParameters: {fileID: 0}
    m_LightmapsBakeMode: 1
    m_TextureCompression: 1
    m_FinalGather: 0
    m_FinalGatherFiltering: 1
    m_FinalGatherRayCount: 256
    m_ReflectionCompression: 2
    m_MixedBakeMode: 2
    m_BakeBackend: 1
    m_PVRSampling: 1
    m_PVRDirectSampleCount: 32
    m_PVRSampleCount: 500
    m_PVRBounces: 2
    m_PVRFilterTypeDirect: 0
    m_PVRFilterTypeIndirect: 0
    m_PVRFilterTypeAO: 0
    m_PVRFilteringMode: 1
    m_PVRCulling: 1
    m_PVRFilteringGaussRadiusDirect: 1
    m_PVRFilteringGaussRadiusIndirect: 5
    m_PVRFilteringGaussRadiusAO: 2
    m_PVRFilteringAtrousPositionSigmaDirect: 0.5
    m_PVRFilteringAtrousPositionSigmaIndirect: 2
    m_PVRFilteringAtrousPositionSigmaAO: 1
    m_ShowResolutionOverlay: 1
  m_LightingDataAsset: {fileID: 0}
  m_UseShadowmask: 1
--- !u!196 &4
NavMeshSettings:
  serializedVersion: 2
  m_ObjectHideFlags: 0
  m_BuildSettings:
    serializedVersion: 2
    agentTypeID: 0
    agentRadius: 0.5
    agentHeight: 2
    agentSlope: 45
    agentClimb: 0.4
    ledgeDropHeight: 0
    maxJumpAcrossDistance: 0
    minRegionArea: 2
    manualCellSize: 0
    cellSize: 0.16666667
    manualTileSize: 0
    tileSize: 256
    accuratePlacement: 0
    debug:
      m_Flags: 0
  m_NavMeshData: {fileID: 0}
--- !u!1001 &467369266
Prefab:
  m_ObjectHideFlags: 0
  serializedVersion: 2
  m_Modification:
    m_TransformParent: {fileID: 0}
    m_Modifications:
    - target: {fileID: 4284849433887702, guid: 8d1ca14cc1fa29b4bb278968b222ab11, type: 2}
      propertyPath: m_LocalPosition.x
      value: 5.881109
      objectReference: {fileID: 0}
    - target: {fileID: 4284849433887702, guid: 8d1ca14cc1fa29b4bb278968b222ab11, type: 2}
      propertyPath: m_LocalPosition.y
      value: 0.8075
      objectReference: {fileID: 0}
    - target: {fileID: 4284849433887702, guid: 8d1ca14cc1fa29b4bb278968b222ab11, type: 2}
      propertyPath: m_LocalPosition.z
      value: 12.066538
      objectReference: {fileID: 0}
    - target: {fileID: 4284849433887702, guid: 8d1ca14cc1fa29b4bb278968b222ab11, type: 2}
      propertyPath: m_LocalRotation.x
      value: 0
      objectReference: {fileID: 0}
    - target: {fileID: 4284849433887702, guid: 8d1ca14cc1fa29b4bb278968b222ab11, type: 2}
      propertyPath: m_LocalRotation.y
      value: 0
      objectReference: {fileID: 0}
    - target: {fileID: 4284849433887702, guid: 8d1ca14cc1fa29b4bb278968b222ab11, type: 2}
      propertyPath: m_LocalRotation.z
      value: 0
      objectReference: {fileID: 0}
    - target: {fileID: 4284849433887702, guid: 8d1ca14cc1fa29b4bb278968b222ab11, type: 2}
      propertyPath: m_LocalRotation.w
      value: 1
      objectReference: {fileID: 0}
    - target: {fileID: 4284849433887702, guid: 8d1ca14cc1fa29b4bb278968b222ab11, type: 2}
      propertyPath: m_RootOrder
      value: 1
      objectReference: {fileID: 0}
    m_RemovedComponents: []
  m_ParentPrefab: {fileID: 100100000, guid: 8d1ca14cc1fa29b4bb278968b222ab11, type: 2}
  m_IsPrefabParent: 0
--- !u!1001 &502286431
Prefab:
  m_ObjectHideFlags: 0
  serializedVersion: 2
  m_Modification:
    m_TransformParent: {fileID: 0}
    m_Modifications:
    - target: {fileID: 4999033386014946, guid: c36bb278b5784a842882bf3d9f471846, type: 2}
      propertyPath: m_LocalPosition.x
      value: 6.094118
      objectReference: {fileID: 0}
    - target: {fileID: 4999033386014946, guid: c36bb278b5784a842882bf3d9f471846, type: 2}
      propertyPath: m_LocalPosition.y
      value: 0.87
      objectReference: {fileID: 0}
    - target: {fileID: 4999033386014946, guid: c36bb278b5784a842882bf3d9f471846, type: 2}
      propertyPath: m_LocalPosition.z
      value: 12.044879
      objectReference: {fileID: 0}
    - target: {fileID: 4999033386014946, guid: c36bb278b5784a842882bf3d9f471846, type: 2}
      propertyPath: m_LocalRotation.x
      value: 0.7071068
      objectReference: {fileID: 0}
    - target: {fileID: 4999033386014946, guid: c36bb278b5784a842882bf3d9f471846, type: 2}
      propertyPath: m_LocalRotation.y
      value: 0
      objectReference: {fileID: 0}
    - target: {fileID: 4999033386014946, guid: c36bb278b5784a842882bf3d9f471846, type: 2}
      propertyPath: m_LocalRotation.z
      value: 0
      objectReference: {fileID: 0}
    - target: {fileID: 4999033386014946, guid: c36bb278b5784a842882bf3d9f471846, type: 2}
      propertyPath: m_LocalRotation.w
      value: 0.7071068
      objectReference: {fileID: 0}
    - target: {fileID: 4999033386014946, guid: c36bb278b5784a842882bf3d9f471846, type: 2}
      propertyPath: m_RootOrder
      value: 1
      objectReference: {fileID: 0}
    m_RemovedComponents: []
  m_ParentPrefab: {fileID: 100100000, guid: c36bb278b5784a842882bf3d9f471846, type: 2}
  m_IsPrefabParent: 0
--- !u!1 &865044173
GameObject:
  m_ObjectHideFlags: 0
  m_PrefabParentObject: {fileID: 0}
  m_PrefabInternal: {fileID: 0}
  serializedVersion: 5
  m_Component:
  - component: {fileID: 865044177}
  - component: {fileID: 865044176}
  - component: {fileID: 865044175}
  - component: {fileID: 865044174}
  m_Layer: 0
  m_Name: Cube
  m_TagString: Untagged
  m_Icon: {fileID: 0}
  m_NavMeshLayer: 0
  m_StaticEditorFlags: 0
  m_IsActive: 1
--- !u!65 &865044174
BoxCollider:
  m_ObjectHideFlags: 0
  m_PrefabParentObject: {fileID: 0}
  m_PrefabInternal: {fileID: 0}
  m_GameObject: {fileID: 865044173}
  m_Material: {fileID: 0}
  m_IsTrigger: 0
  m_Enabled: 1
  serializedVersion: 2
  m_Size: {x: 1, y: 1, z: 1}
  m_Center: {x: 0, y: 0, z: 0}
--- !u!23 &865044175
MeshRenderer:
  m_ObjectHideFlags: 0
  m_PrefabParentObject: {fileID: 0}
  m_PrefabInternal: {fileID: 0}
  m_GameObject: {fileID: 865044173}
  m_Enabled: 1
  m_CastShadows: 1
  m_ReceiveShadows: 1
  m_DynamicOccludee: 1
  m_MotionVectors: 1
  m_LightProbeUsage: 1
  m_ReflectionProbeUsage: 1
  m_RenderingLayerMask: 4294967295
  m_Materials:
  - {fileID: 10303, guid: 0000000000000000f000000000000000, type: 0}
  m_StaticBatchInfo:
    firstSubMesh: 0
    subMeshCount: 0
  m_StaticBatchRoot: {fileID: 0}
  m_ProbeAnchor: {fileID: 0}
  m_LightProbeVolumeOverride: {fileID: 0}
  m_ScaleInLightmap: 1
  m_PreserveUVs: 0
  m_IgnoreNormalsForChartDetection: 0
  m_ImportantGI: 0
  m_StitchLightmapSeams: 0
  m_SelectedEditorRenderState: 3
  m_MinimumChartSize: 4
  m_AutoUVMaxDistance: 0.5
  m_AutoUVMaxAngle: 89
  m_LightmapParameters: {fileID: 0}
  m_SortingLayerID: 0
  m_SortingLayer: 0
  m_SortingOrder: 0
--- !u!33 &865044176
MeshFilter:
  m_ObjectHideFlags: 0
  m_PrefabParentObject: {fileID: 0}
  m_PrefabInternal: {fileID: 0}
  m_GameObject: {fileID: 865044173}
  m_Mesh: {fileID: 10202, guid: 0000000000000000e000000000000000, type: 0}
--- !u!4 &865044177
Transform:
  m_ObjectHideFlags: 0
  m_PrefabParentObject: {fileID: 0}
  m_PrefabInternal: {fileID: 0}
  m_GameObject: {fileID: 865044173}
  m_LocalRotation: {x: 0, y: 0, z: 0, w: 1}
  m_LocalPosition: {x: 0, y: -0.4, z: 0}
  m_LocalScale: {x: 10, y: 1, z: 15}
  m_Children: []
  m_Father: {fileID: 0}
  m_RootOrder: 7
  m_LocalEulerAnglesHint: {x: 0, y: 0, z: 0}
--- !u!1 &976226648
GameObject:
  m_ObjectHideFlags: 0
  m_PrefabParentObject: {fileID: 0}
  m_PrefabInternal: {fileID: 0}
  serializedVersion: 5
  m_Component:
  - component: {fileID: 976226650}
  - component: {fileID: 976226649}
  m_Layer: 0
  m_Name: Directional Light
  m_TagString: Untagged
  m_Icon: {fileID: 0}
  m_NavMeshLayer: 0
  m_StaticEditorFlags: 0
  m_IsActive: 1
--- !u!108 &976226649
Light:
  m_ObjectHideFlags: 0
  m_PrefabParentObject: {fileID: 0}
  m_PrefabInternal: {fileID: 0}
  m_GameObject: {fileID: 976226648}
  m_Enabled: 1
  serializedVersion: 8
  m_Type: 1
  m_Color: {r: 1, g: 0.95686275, b: 0.8392157, a: 1}
  m_Intensity: 1
  m_Range: 10
  m_SpotAngle: 30
  m_CookieSize: 10
  m_Shadows:
    m_Type: 2
    m_Resolution: -1
    m_CustomResolution: -1
    m_Strength: 1
    m_Bias: 0.05
    m_NormalBias: 0.4
    m_NearPlane: 0.2
  m_Cookie: {fileID: 0}
  m_DrawHalo: 0
  m_Flare: {fileID: 0}
  m_RenderMode: 0
  m_CullingMask:
    serializedVersion: 2
    m_Bits: 4294967295
  m_Lightmapping: 4
  m_AreaSize: {x: 1, y: 1}
  m_BounceIntensity: 1
  m_ColorTemperature: 6570
  m_UseColorTemperature: 0
  m_ShadowRadius: 0
  m_ShadowAngle: 0
--- !u!4 &976226650
Transform:
  m_ObjectHideFlags: 0
  m_PrefabParentObject: {fileID: 0}
  m_PrefabInternal: {fileID: 0}
  m_GameObject: {fileID: 976226648}
  m_LocalRotation: {x: 0.40821788, y: -0.23456968, z: 0.10938163, w: 0.8754261}
  m_LocalPosition: {x: 0, y: 3, z: 0}
  m_LocalScale: {x: 1, y: 1, z: 1}
  m_Children: []
  m_Father: {fileID: 0}
  m_RootOrder: 0
  m_LocalEulerAnglesHint: {x: 50, y: -30, z: 0}
--- !u!1 &1062528758
GameObject:
  m_ObjectHideFlags: 0
  m_PrefabParentObject: {fileID: 0}
  m_PrefabInternal: {fileID: 0}
  serializedVersion: 5
  m_Component:
  - component: {fileID: 1062528761}
  - component: {fileID: 1062528760}
  - component: {fileID: 1062528759}
  m_Layer: 0
  m_Name: Terrain
  m_TagString: Untagged
  m_Icon: {fileID: 0}
  m_NavMeshLayer: 0
  m_StaticEditorFlags: 4294967295
  m_IsActive: 1
--- !u!154 &1062528759
TerrainCollider:
  m_ObjectHideFlags: 0
  m_PrefabParentObject: {fileID: 0}
  m_PrefabInternal: {fileID: 0}
  m_GameObject: {fileID: 1062528758}
  m_Material: {fileID: 0}
  m_Enabled: 1
  m_TerrainData: {fileID: 15600000, guid: d86d5d24b3c22408baec2f119a997601, type: 2}
  m_EnableTreeColliders: 1
--- !u!218 &1062528760
Terrain:
  m_ObjectHideFlags: 0
  m_PrefabParentObject: {fileID: 0}
  m_PrefabInternal: {fileID: 0}
  m_GameObject: {fileID: 1062528758}
  m_Enabled: 1
  serializedVersion: 3
  m_TerrainData: {fileID: 15600000, guid: d86d5d24b3c22408baec2f119a997601, type: 2}
  m_TreeDistance: 5000
  m_TreeBillboardDistance: 50
  m_TreeCrossFadeLength: 5
  m_TreeMaximumFullLODCount: 50
  m_DetailObjectDistance: 80
  m_DetailObjectDensity: 1
  m_HeightmapPixelError: 5
  m_SplatMapDistance: 1000
  m_HeightmapMaximumLOD: 0
  m_CastShadows: 1
  m_DrawHeightmap: 1
  m_DrawTreesAndFoliage: 1
  m_ReflectionProbeUsage: 1
  m_MaterialType: 0
  m_LegacySpecular:
    serializedVersion: 2
    rgba: 4286545791
  m_LegacyShininess: 0.078125
  m_MaterialTemplate: {fileID: 0}
  m_BakeLightProbesForTrees: 1
  m_ScaleInLightmap: 0.0512
  m_LightmapParameters: {fileID: 15203, guid: 0000000000000000f000000000000000, type: 0}
--- !u!4 &1062528761
Transform:
  m_ObjectHideFlags: 0
  m_PrefabParentObject: {fileID: 0}
  m_PrefabInternal: {fileID: 0}
  m_GameObject: {fileID: 1062528758}
  m_LocalRotation: {x: 0, y: 0, z: 0, w: 1}
  m_LocalPosition: {x: 0, y: 0, z: 0}
  m_LocalScale: {x: 1, y: 1, z: 1}
  m_Children: []
  m_Father: {fileID: 0}
  m_RootOrder: 9
  m_LocalEulerAnglesHint: {x: 0, y: 0, z: 0}
--- !u!1001 &1139034250
Prefab:
  m_ObjectHideFlags: 0
  serializedVersion: 2
  m_Modification:
    m_TransformParent: {fileID: 0}
    m_Modifications:
    - target: {fileID: 4258975047428336, guid: 74085b630a6759c40a07dcf3d57c5534, type: 2}
      propertyPath: m_LocalPosition.x
      value: 6.5378714
      objectReference: {fileID: 0}
    - target: {fileID: 4258975047428336, guid: 74085b630a6759c40a07dcf3d57c5534, type: 2}
      propertyPath: m_LocalPosition.y
      value: 0.78249997
      objectReference: {fileID: 0}
    - target: {fileID: 4258975047428336, guid: 74085b630a6759c40a07dcf3d57c5534, type: 2}
      propertyPath: m_LocalPosition.z
      value: 12.137677
      objectReference: {fileID: 0}
    - target: {fileID: 4258975047428336, guid: 74085b630a6759c40a07dcf3d57c5534, type: 2}
      propertyPath: m_LocalRotation.x
      value: 0
      objectReference: {fileID: 0}
    - target: {fileID: 4258975047428336, guid: 74085b630a6759c40a07dcf3d57c5534, type: 2}
      propertyPath: m_LocalRotation.y
      value: 0
      objectReference: {fileID: 0}
    - target: {fileID: 4258975047428336, guid: 74085b630a6759c40a07dcf3d57c5534, type: 2}
      propertyPath: m_LocalRotation.z
      value: 0
      objectReference: {fileID: 0}
    - target: {fileID: 4258975047428336, guid: 74085b630a6759c40a07dcf3d57c5534, type: 2}
      propertyPath: m_LocalRotation.w
      value: 1
      objectReference: {fileID: 0}
    - target: {fileID: 4258975047428336, guid: 74085b630a6759c40a07dcf3d57c5534, type: 2}
      propertyPath: m_RootOrder
      value: 1
      objectReference: {fileID: 0}
    - target: {fileID: 144878069911375952, guid: 74085b630a6759c40a07dcf3d57c5534,
        type: 2}
      propertyPath: m_ConnectedAnchor.x
      value: 0
      objectReference: {fileID: 0}
    - target: {fileID: 145166273783786842, guid: 74085b630a6759c40a07dcf3d57c5534,
        type: 2}
      propertyPath: m_ConnectedAnchor.x
      value: -1.3
      objectReference: {fileID: 0}
    - target: {fileID: 145166273783786842, guid: 74085b630a6759c40a07dcf3d57c5534,
        type: 2}
      propertyPath: m_ConnectedAnchor.z
      value: 0
      objectReference: {fileID: 0}
    - target: {fileID: 145971550736674522, guid: 74085b630a6759c40a07dcf3d57c5534,
        type: 2}
      propertyPath: m_ConnectedAnchor.x
      value: -1.3
      objectReference: {fileID: 0}
    - target: {fileID: 145971550736674522, guid: 74085b630a6759c40a07dcf3d57c5534,
        type: 2}
      propertyPath: m_ConnectedAnchor.z
      value: 0
      objectReference: {fileID: 0}
    - target: {fileID: 144279025595895438, guid: 74085b630a6759c40a07dcf3d57c5534,
        type: 2}
      propertyPath: m_ConnectedAnchor.x
      value: 0
      objectReference: {fileID: 0}
    - target: {fileID: 145869369029188858, guid: 74085b630a6759c40a07dcf3d57c5534,
        type: 2}
      propertyPath: m_ConnectedAnchor.x
      value: -1.3
      objectReference: {fileID: 0}
    - target: {fileID: 145869369029188858, guid: 74085b630a6759c40a07dcf3d57c5534,
        type: 2}
      propertyPath: m_ConnectedAnchor.z
      value: 0
      objectReference: {fileID: 0}
    - target: {fileID: 144117707233213476, guid: 74085b630a6759c40a07dcf3d57c5534,
        type: 2}
      propertyPath: m_ConnectedAnchor.x
      value: 0
      objectReference: {fileID: 0}
    m_RemovedComponents: []
  m_ParentPrefab: {fileID: 100100000, guid: 74085b630a6759c40a07dcf3d57c5534, type: 2}
  m_IsPrefabParent: 0
--- !u!1001 &1182924514
Prefab:
  m_ObjectHideFlags: 0
  serializedVersion: 2
  m_Modification:
    m_TransformParent: {fileID: 0}
    m_Modifications:
    - target: {fileID: 4516354842878746, guid: 026d54f1f880ec7449ccd33dea7635b4, type: 2}
      propertyPath: m_LocalPosition.x
      value: 7.0331597
      objectReference: {fileID: 0}
    - target: {fileID: 4516354842878746, guid: 026d54f1f880ec7449ccd33dea7635b4, type: 2}
      propertyPath: m_LocalPosition.y
      value: 0.37
      objectReference: {fileID: 0}
    - target: {fileID: 4516354842878746, guid: 026d54f1f880ec7449ccd33dea7635b4, type: 2}
      propertyPath: m_LocalPosition.z
      value: 12.268254
      objectReference: {fileID: 0}
    - target: {fileID: 4516354842878746, guid: 026d54f1f880ec7449ccd33dea7635b4, type: 2}
      propertyPath: m_LocalRotation.x
      value: 0
      objectReference: {fileID: 0}
    - target: {fileID: 4516354842878746, guid: 026d54f1f880ec7449ccd33dea7635b4, type: 2}
      propertyPath: m_LocalRotation.y
      value: 0
      objectReference: {fileID: 0}
    - target: {fileID: 4516354842878746, guid: 026d54f1f880ec7449ccd33dea7635b4, type: 2}
      propertyPath: m_LocalRotation.z
      value: 0
      objectReference: {fileID: 0}
    - target: {fileID: 4516354842878746, guid: 026d54f1f880ec7449ccd33dea7635b4, type: 2}
      propertyPath: m_LocalRotation.w
      value: 1
      objectReference: {fileID: 0}
    - target: {fileID: 4516354842878746, guid: 026d54f1f880ec7449ccd33dea7635b4, type: 2}
      propertyPath: m_RootOrder
      value: 1
      objectReference: {fileID: 0}
    m_RemovedComponents: []
  m_ParentPrefab: {fileID: 100100000, guid: 026d54f1f880ec7449ccd33dea7635b4, type: 2}
  m_IsPrefabParent: 0
--- !u!1001 &1376348541
Prefab:
  m_ObjectHideFlags: 0
  serializedVersion: 2
  m_Modification:
    m_TransformParent: {fileID: 0}
    m_Modifications:
    - target: {fileID: 4371729246453780, guid: 0d6e07fad60f4174c99c936b6a7807a3, type: 2}
      propertyPath: m_LocalPosition.x
      value: 8.862
      objectReference: {fileID: 0}
    - target: {fileID: 4371729246453780, guid: 0d6e07fad60f4174c99c936b6a7807a3, type: 2}
      propertyPath: m_LocalPosition.y
      value: 2.692
      objectReference: {fileID: 0}
    - target: {fileID: 4371729246453780, guid: 0d6e07fad60f4174c99c936b6a7807a3, type: 2}
      propertyPath: m_LocalPosition.z
      value: 11.435504
      objectReference: {fileID: 0}
    - target: {fileID: 4371729246453780, guid: 0d6e07fad60f4174c99c936b6a7807a3, type: 2}
      propertyPath: m_LocalRotation.x
      value: 0.6830124
      objectReference: {fileID: 0}
    - target: {fileID: 4371729246453780, guid: 0d6e07fad60f4174c99c936b6a7807a3, type: 2}
      propertyPath: m_LocalRotation.y
      value: 0.6830124
      objectReference: {fileID: 0}
    - target: {fileID: 4371729246453780, guid: 0d6e07fad60f4174c99c936b6a7807a3, type: 2}
      propertyPath: m_LocalRotation.z
      value: 0.18301396
      objectReference: {fileID: 0}
    - target: {fileID: 4371729246453780, guid: 0d6e07fad60f4174c99c936b6a7807a3, type: 2}
      propertyPath: m_LocalRotation.w
      value: 0.18301396
      objectReference: {fileID: 0}
    - target: {fileID: 4371729246453780, guid: 0d6e07fad60f4174c99c936b6a7807a3, type: 2}
      propertyPath: m_RootOrder
      value: 2
      objectReference: {fileID: 0}
    - target: {fileID: 4371729246453780, guid: 0d6e07fad60f4174c99c936b6a7807a3, type: 2}
      propertyPath: m_LocalEulerAnglesHint.y
      value: 150
      objectReference: {fileID: 0}
    - target: {fileID: 4371729246453780, guid: 0d6e07fad60f4174c99c936b6a7807a3, type: 2}
      propertyPath: m_LocalEulerAnglesHint.z
      value: 90.00001
      objectReference: {fileID: 0}
    m_RemovedComponents: []
  m_ParentPrefab: {fileID: 100100000, guid: 0d6e07fad60f4174c99c936b6a7807a3, type: 2}
  m_IsPrefabParent: 0
--- !u!1 &1584919812
GameObject:
  m_ObjectHideFlags: 0
  m_PrefabParentObject: {fileID: 0}
  m_PrefabInternal: {fileID: 0}
  serializedVersion: 5
  m_Component:
  - component: {fileID: 1584919814}
  - component: {fileID: 1584919813}
  m_Layer: 0
  m_Name: WindZone
  m_TagString: Untagged
  m_Icon: {fileID: 0}
  m_NavMeshLayer: 0
  m_StaticEditorFlags: 0
  m_IsActive: 1
--- !u!182 &1584919813
WindZone:
  m_ObjectHideFlags: 0
  m_PrefabParentObject: {fileID: 0}
  m_PrefabInternal: {fileID: 0}
  m_GameObject: {fileID: 1584919812}
  m_Enabled: 1
  m_Mode: 0
  m_Radius: 20
  m_WindMain: 1
  m_WindTurbulence: 1
  m_WindPulseMagnitude: 0.5
  m_WindPulseFrequency: 0.01
--- !u!4 &1584919814
Transform:
  m_ObjectHideFlags: 0
  m_PrefabParentObject: {fileID: 0}
  m_PrefabInternal: {fileID: 0}
  m_GameObject: {fileID: 1584919812}
  m_LocalRotation: {x: 0, y: 0, z: 0, w: 1}
  m_LocalPosition: {x: 0, y: 0, z: 0}
  m_LocalScale: {x: 1, y: 1, z: 1}
  m_Children: []
  m_Father: {fileID: 0}
  m_RootOrder: 11
  m_LocalEulerAnglesHint: {x: 0, y: 0, z: 0}
--- !u!1 &1907842348
GameObject:
  m_ObjectHideFlags: 0
  m_PrefabParentObject: {fileID: 0}
  m_PrefabInternal: {fileID: 0}
  serializedVersion: 5
  m_Component:
  - component: {fileID: 1907842353}
  - component: {fileID: 1907842352}
  - component: {fileID: 1907842351}
  - component: {fileID: 1907842350}
  - component: {fileID: 1907842349}
  - component: {fileID: 1907842354}
  m_Layer: 0
  m_Name: ball
  m_TagString: Untagged
  m_Icon: {fileID: 0}
  m_NavMeshLayer: 0
  m_StaticEditorFlags: 0
  m_IsActive: 1
--- !u!54 &1907842349
Rigidbody:
  m_ObjectHideFlags: 0
  m_PrefabParentObject: {fileID: 0}
  m_PrefabInternal: {fileID: 0}
  m_GameObject: {fileID: 1907842348}
  serializedVersion: 2
  m_Mass: 1
  m_Drag: 0
  m_AngularDrag: 0.05
  m_UseGravity: 1
  m_IsKinematic: 0
  m_Interpolate: 0
  m_Constraints: 0
  m_CollisionDetection: 0
--- !u!135 &1907842350
SphereCollider:
  m_ObjectHideFlags: 0
  m_PrefabParentObject: {fileID: 0}
  m_PrefabInternal: {fileID: 0}
  m_GameObject: {fileID: 1907842348}
  m_Material: {fileID: 0}
  m_IsTrigger: 0
  m_Enabled: 1
  serializedVersion: 2
  m_Radius: 0.5
  m_Center: {x: 0, y: 0, z: 0}
--- !u!23 &1907842351
MeshRenderer:
  m_ObjectHideFlags: 0
  m_PrefabParentObject: {fileID: 0}
  m_PrefabInternal: {fileID: 0}
  m_GameObject: {fileID: 1907842348}
  m_Enabled: 1
  m_CastShadows: 1
  m_ReceiveShadows: 1
  m_DynamicOccludee: 1
  m_MotionVectors: 1
  m_LightProbeUsage: 1
  m_ReflectionProbeUsage: 1
  m_RenderingLayerMask: 4294967295
  m_Materials:
  - {fileID: 10301, guid: 0000000000000000f000000000000000, type: 0}
  m_StaticBatchInfo:
    firstSubMesh: 0
    subMeshCount: 0
  m_StaticBatchRoot: {fileID: 0}
  m_ProbeAnchor: {fileID: 0}
  m_LightProbeVolumeOverride: {fileID: 0}
  m_ScaleInLightmap: 1
  m_PreserveUVs: 0
  m_IgnoreNormalsForChartDetection: 0
  m_ImportantGI: 0
  m_StitchLightmapSeams: 0
  m_SelectedEditorRenderState: 3
  m_MinimumChartSize: 4
  m_AutoUVMaxDistance: 0.5
  m_AutoUVMaxAngle: 89
  m_LightmapParameters: {fileID: 0}
  m_SortingLayerID: 0
  m_SortingLayer: 0
  m_SortingOrder: 0
--- !u!33 &1907842352
MeshFilter:
  m_ObjectHideFlags: 0
  m_PrefabParentObject: {fileID: 0}
  m_PrefabInternal: {fileID: 0}
  m_GameObject: {fileID: 1907842348}
  m_Mesh: {fileID: 10207, guid: 0000000000000000e000000000000000, type: 0}
--- !u!4 &1907842353
Transform:
  m_ObjectHideFlags: 0
  m_PrefabParentObject: {fileID: 0}
  m_PrefabInternal: {fileID: 0}
  m_GameObject: {fileID: 1907842348}
  m_LocalRotation: {x: 0, y: 0, z: 0, w: 1}
  m_LocalPosition: {x: 2, y: 2, z: 2}
  m_LocalScale: {x: 1, y: 1, z: 1}
  m_Children: []
  m_Father: {fileID: 0}
  m_RootOrder: 8
  m_LocalEulerAnglesHint: {x: 0, y: 0, z: 0}
--- !u!114 &1907842354
MonoBehaviour:
  m_ObjectHideFlags: 0
  m_PrefabParentObject: {fileID: 0}
  m_PrefabInternal: {fileID: 0}
  m_GameObject: {fileID: 1907842348}
  m_Enabled: 1
  m_EditorHideFlags: 0
  m_Script: {fileID: 11500000, guid: 722e66ddf3da344748ac98a3f6842930, type: 3}
  m_Name: 
  m_EditorClassIdentifier: 
  minimumY: -10
--- !u!1 &1952981272
GameObject:
  m_ObjectHideFlags: 0
  m_PrefabParentObject: {fileID: 1373243212537462, guid: dad876f2cd99c8842b7817632df66924,
    type: 2}
  m_PrefabInternal: {fileID: 0}
  serializedVersion: 5
  m_Component:
  - component: {fileID: 1952981280}
  - component: {fileID: 1952981279}
  - component: {fileID: 1952981278}
  - component: {fileID: 1952981275}
  - component: {fileID: 1952981276}
  - component: {fileID: 1952981274}
  - component: {fileID: 1952981273}
  - component: {fileID: 1952981277}
  m_Layer: 0
  m_Name: Tree
  m_TagString: Untagged
  m_Icon: {fileID: 0}
  m_NavMeshLayer: 0
  m_StaticEditorFlags: 0
  m_IsActive: 1
--- !u!114 &1952981273
MonoBehaviour:
  m_ObjectHideFlags: 0
  m_PrefabParentObject: {fileID: 0}
  m_PrefabInternal: {fileID: 0}
  m_GameObject: {fileID: 1952981272}
  m_Enabled: 1
  m_EditorHideFlags: 0
  m_Script: {fileID: 11500000, guid: f78bfdc928f59714794e1011d565aa49, type: 3}
  m_Name: 
  m_EditorClassIdentifier: 
  precisionGrab: 1
  rightSnapHandle: {fileID: 0}
  leftSnapHandle: {fileID: 0}
  throwVelocityWithAttachDistance: 0
  throwMultiplier: 1
  onGrabCollisionDelay: 0
  useObjectRotation: 0
--- !u!114 &1952981274
MonoBehaviour:
  m_ObjectHideFlags: 0
  m_PrefabParentObject: {fileID: 0}
  m_PrefabInternal: {fileID: 0}
  m_GameObject: {fileID: 1952981272}
  m_Enabled: 1
  m_EditorHideFlags: 0
  m_Script: {fileID: 11500000, guid: a3abaf4521bf2344ea21ed3020b98eb2, type: 3}
  m_Name: 
  m_EditorClassIdentifier: 
  disableWhenIdle: 1
  allowedNearTouchControllers: 0
  allowedTouchControllers: 0
  ignoredColliders: []
  isGrabbable: 1
  holdButtonToGrab: 1
  stayGrabbedOnTeleport: 0
  validDrop: 1
  grabOverrideButton: 0
  allowedGrabControllers: 0
  grabAttachMechanicScript: {fileID: 1952981273}
  secondaryGrabActionScript: {fileID: 1952981277}
  isUsable: 0
  holdButtonToUse: 0
  useOnlyIfGrabbed: 0
  pointerActivatesUseAction: 0
  useOverrideButton: 0
  allowedUseControllers: 0
  objectHighlighter: {fileID: 0}
  touchHighlightColor: {r: 0, g: 0, b: 0, a: 0}
  usingState: 0
--- !u!23 &1952981275
MeshRenderer:
  m_ObjectHideFlags: 0
  m_PrefabParentObject: {fileID: 23706794861896710, guid: dad876f2cd99c8842b7817632df66924,
    type: 2}
  m_PrefabInternal: {fileID: 0}
  m_GameObject: {fileID: 1952981272}
  m_Enabled: 1
  m_CastShadows: 1
  m_ReceiveShadows: 1
  m_DynamicOccludee: 1
  m_MotionVectors: 1
  m_LightProbeUsage: 1
  m_ReflectionProbeUsage: 1
  m_RenderingLayerMask: 4294967295
  m_Materials:
  - {fileID: 2100000, guid: 0911e4d5684c06544b611c6f76fbd04f, type: 2}
  m_StaticBatchInfo:
    firstSubMesh: 0
    subMeshCount: 0
  m_StaticBatchRoot: {fileID: 0}
  m_ProbeAnchor: {fileID: 0}
  m_LightProbeVolumeOverride: {fileID: 0}
  m_ScaleInLightmap: 1
  m_PreserveUVs: 0
  m_IgnoreNormalsForChartDetection: 0
  m_ImportantGI: 0
  m_StitchLightmapSeams: 0
  m_SelectedEditorRenderState: 3
  m_MinimumChartSize: 4
  m_AutoUVMaxDistance: 0.5
  m_AutoUVMaxAngle: 89
  m_LightmapParameters: {fileID: 0}
  m_SortingLayerID: 0
  m_SortingLayer: 0
  m_SortingOrder: 0
--- !u!64 &1952981276
MeshCollider:
  m_ObjectHideFlags: 0
  m_PrefabParentObject: {fileID: 0}
  m_PrefabInternal: {fileID: 0}
  m_GameObject: {fileID: 1952981272}
  m_Material: {fileID: 0}
  m_IsTrigger: 0
  m_Enabled: 1
  serializedVersion: 3
  m_Convex: 0
  m_CookingOptions: 14
  m_SkinWidth: 0.01
  m_Mesh: {fileID: 43413926053356334, guid: dad876f2cd99c8842b7817632df66924, type: 2}
--- !u!114 &1952981277
MonoBehaviour:
  m_ObjectHideFlags: 0
  m_PrefabParentObject: {fileID: 0}
  m_PrefabInternal: {fileID: 0}
  m_GameObject: {fileID: 1952981272}
  m_Enabled: 1
  m_EditorHideFlags: 0
  m_Script: {fileID: 11500000, guid: 18055ba762aa3994f9c10208cd088bc5, type: 3}
  m_Name: 
  m_EditorClassIdentifier: 
--- !u!33 &1952981278
MeshFilter:
  m_ObjectHideFlags: 0
  m_PrefabParentObject: {fileID: 33319989754922832, guid: dad876f2cd99c8842b7817632df66924,
    type: 2}
  m_PrefabInternal: {fileID: 0}
  m_GameObject: {fileID: 1952981272}
  m_Mesh: {fileID: 43413926053356334, guid: dad876f2cd99c8842b7817632df66924, type: 2}
--- !u!193 &1952981279
Tree:
  m_ObjectHideFlags: 0
  m_PrefabParentObject: {fileID: 193475952534450512, guid: dad876f2cd99c8842b7817632df66924,
    type: 2}
  m_PrefabInternal: {fileID: 0}
  m_GameObject: {fileID: 1952981272}
  m_SpeedTreeWindAsset: {fileID: 0}
  m_TreeData: {fileID: 114169428370845554, guid: dad876f2cd99c8842b7817632df66924,
    type: 2}
--- !u!4 &1952981280
Transform:
  m_ObjectHideFlags: 0
  m_PrefabParentObject: {fileID: 4545306311457692, guid: dad876f2cd99c8842b7817632df66924,
    type: 2}
  m_PrefabInternal: {fileID: 0}
  m_GameObject: {fileID: 1952981272}
  m_LocalRotation: {x: 0, y: 0, z: 0, w: 1}
  m_LocalPosition: {x: 9.2, y: 0, z: 11.54}
  m_LocalScale: {x: 1, y: 1, z: 1}
  m_Children: []
  m_Father: {fileID: 0}
  m_RootOrder: 6
  m_LocalEulerAnglesHint: {x: 0, y: 0, z: 0}
--- !u!1001 &2073731337
Prefab:
  m_ObjectHideFlags: 0
  serializedVersion: 2
  m_Modification:
    m_TransformParent: {fileID: 0}
    m_Modifications:
    - target: {fileID: 4402352636835588, guid: 1337d9cc0d3597b4da6ae67043a6df74, type: 2}
      propertyPath: m_LocalPosition.x
      value: 0
      objectReference: {fileID: 0}
    - target: {fileID: 4402352636835588, guid: 1337d9cc0d3597b4da6ae67043a6df74, type: 2}
      propertyPath: m_LocalPosition.y
      value: 0
      objectReference: {fileID: 0}
    - target: {fileID: 4402352636835588, guid: 1337d9cc0d3597b4da6ae67043a6df74, type: 2}
      propertyPath: m_LocalPosition.z
      value: 0
      objectReference: {fileID: 0}
    - target: {fileID: 4402352636835588, guid: 1337d9cc0d3597b4da6ae67043a6df74, type: 2}
      propertyPath: m_LocalRotation.x
      value: 0
      objectReference: {fileID: 0}
    - target: {fileID: 4402352636835588, guid: 1337d9cc0d3597b4da6ae67043a6df74, type: 2}
      propertyPath: m_LocalRotation.y
      value: 0
      objectReference: {fileID: 0}
    - target: {fileID: 4402352636835588, guid: 1337d9cc0d3597b4da6ae67043a6df74, type: 2}
      propertyPath: m_LocalRotation.z
      value: 0
      objectReference: {fileID: 0}
    - target: {fileID: 4402352636835588, guid: 1337d9cc0d3597b4da6ae67043a6df74, type: 2}
      propertyPath: m_LocalRotation.w
      value: 1
      objectReference: {fileID: 0}
    - target: {fileID: 4402352636835588, guid: 1337d9cc0d3597b4da6ae67043a6df74, type: 2}
      propertyPath: m_RootOrder
      value: 7
      objectReference: {fileID: 0}
    - target: {fileID: 224275548406290490, guid: 1337d9cc0d3597b4da6ae67043a6df74,
        type: 2}
      propertyPath: m_AnchorMin.y
      value: 0
      objectReference: {fileID: 0}
    - target: {fileID: 224275548406290490, guid: 1337d9cc0d3597b4da6ae67043a6df74,
        type: 2}
      propertyPath: m_AnchorMax.y
      value: 0
      objectReference: {fileID: 0}
    - target: {fileID: 224275548406290490, guid: 1337d9cc0d3597b4da6ae67043a6df74,
        type: 2}
      propertyPath: m_AnchoredPosition.x
      value: 0
      objectReference: {fileID: 0}
    - target: {fileID: 224275548406290490, guid: 1337d9cc0d3597b4da6ae67043a6df74,
        type: 2}
      propertyPath: m_AnchoredPosition.y
      value: 0
      objectReference: {fileID: 0}
    - target: {fileID: 224275548406290490, guid: 1337d9cc0d3597b4da6ae67043a6df74,
        type: 2}
      propertyPath: m_SizeDelta.x
      value: 0
      objectReference: {fileID: 0}
    - target: {fileID: 224275548406290490, guid: 1337d9cc0d3597b4da6ae67043a6df74,
        type: 2}
      propertyPath: m_SizeDelta.y
      value: 0
      objectReference: {fileID: 0}
    - target: {fileID: 224556349639037034, guid: 1337d9cc0d3597b4da6ae67043a6df74,
        type: 2}
      propertyPath: m_AnchorMin.y
      value: 0
      objectReference: {fileID: 0}
    - target: {fileID: 224556349639037034, guid: 1337d9cc0d3597b4da6ae67043a6df74,
        type: 2}
      propertyPath: m_AnchorMax.y
      value: 0
      objectReference: {fileID: 0}
    - target: {fileID: 224556349639037034, guid: 1337d9cc0d3597b4da6ae67043a6df74,
        type: 2}
      propertyPath: m_AnchoredPosition.x
      value: 0
      objectReference: {fileID: 0}
    - target: {fileID: 224556349639037034, guid: 1337d9cc0d3597b4da6ae67043a6df74,
        type: 2}
      propertyPath: m_AnchoredPosition.y
      value: 0
      objectReference: {fileID: 0}
    - target: {fileID: 224556349639037034, guid: 1337d9cc0d3597b4da6ae67043a6df74,
        type: 2}
      propertyPath: m_SizeDelta.x
      value: 0
      objectReference: {fileID: 0}
    - target: {fileID: 224556349639037034, guid: 1337d9cc0d3597b4da6ae67043a6df74,
        type: 2}
      propertyPath: m_SizeDelta.y
      value: 0
      objectReference: {fileID: 0}
    - target: {fileID: 224607788119184292, guid: 1337d9cc0d3597b4da6ae67043a6df74,
        type: 2}
      propertyPath: m_AnchorMin.y
      value: 0
      objectReference: {fileID: 0}
    - target: {fileID: 224607788119184292, guid: 1337d9cc0d3597b4da6ae67043a6df74,
        type: 2}
      propertyPath: m_AnchorMax.y
      value: 0
      objectReference: {fileID: 0}
    - target: {fileID: 224607788119184292, guid: 1337d9cc0d3597b4da6ae67043a6df74,
        type: 2}
      propertyPath: m_AnchoredPosition.x
      value: 0
      objectReference: {fileID: 0}
    - target: {fileID: 224607788119184292, guid: 1337d9cc0d3597b4da6ae67043a6df74,
        type: 2}
      propertyPath: m_AnchoredPosition.y
      value: 0
      objectReference: {fileID: 0}
    - target: {fileID: 224607788119184292, guid: 1337d9cc0d3597b4da6ae67043a6df74,
        type: 2}
      propertyPath: m_SizeDelta.x
      value: 0
      objectReference: {fileID: 0}
    - target: {fileID: 224607788119184292, guid: 1337d9cc0d3597b4da6ae67043a6df74,
        type: 2}
      propertyPath: m_SizeDelta.y
      value: 0
      objectReference: {fileID: 0}
    - target: {fileID: 224159655080636384, guid: 1337d9cc0d3597b4da6ae67043a6df74,
        type: 2}
      propertyPath: m_AnchorMin.y
      value: 0
      objectReference: {fileID: 0}
    - target: {fileID: 224159655080636384, guid: 1337d9cc0d3597b4da6ae67043a6df74,
        type: 2}
      propertyPath: m_AnchorMax.y
      value: 0
      objectReference: {fileID: 0}
    - target: {fileID: 224159655080636384, guid: 1337d9cc0d3597b4da6ae67043a6df74,
        type: 2}
      propertyPath: m_AnchoredPosition.x
      value: 0
      objectReference: {fileID: 0}
    - target: {fileID: 224159655080636384, guid: 1337d9cc0d3597b4da6ae67043a6df74,
        type: 2}
      propertyPath: m_AnchoredPosition.y
      value: 0
      objectReference: {fileID: 0}
    - target: {fileID: 224159655080636384, guid: 1337d9cc0d3597b4da6ae67043a6df74,
        type: 2}
      propertyPath: m_SizeDelta.x
      value: 0
      objectReference: {fileID: 0}
    - target: {fileID: 224159655080636384, guid: 1337d9cc0d3597b4da6ae67043a6df74,
        type: 2}
      propertyPath: m_SizeDelta.y
      value: 0
      objectReference: {fileID: 0}
    - target: {fileID: 224376373247082434, guid: 1337d9cc0d3597b4da6ae67043a6df74,
        type: 2}
      propertyPath: m_AnchorMin.y
      value: 0
      objectReference: {fileID: 0}
    - target: {fileID: 224376373247082434, guid: 1337d9cc0d3597b4da6ae67043a6df74,
        type: 2}
      propertyPath: m_AnchorMax.y
      value: 0
      objectReference: {fileID: 0}
    - target: {fileID: 224376373247082434, guid: 1337d9cc0d3597b4da6ae67043a6df74,
        type: 2}
      propertyPath: m_AnchoredPosition.x
      value: 0
      objectReference: {fileID: 0}
    - target: {fileID: 224376373247082434, guid: 1337d9cc0d3597b4da6ae67043a6df74,
        type: 2}
      propertyPath: m_AnchoredPosition.y
      value: 0
      objectReference: {fileID: 0}
    - target: {fileID: 224376373247082434, guid: 1337d9cc0d3597b4da6ae67043a6df74,
        type: 2}
      propertyPath: m_SizeDelta.x
      value: 0
      objectReference: {fileID: 0}
    - target: {fileID: 224376373247082434, guid: 1337d9cc0d3597b4da6ae67043a6df74,
        type: 2}
      propertyPath: m_SizeDelta.y
      value: 0
      objectReference: {fileID: 0}
    - target: {fileID: 224491306415806186, guid: 1337d9cc0d3597b4da6ae67043a6df74,
        type: 2}
      propertyPath: m_AnchorMin.y
      value: 0
      objectReference: {fileID: 0}
    - target: {fileID: 224491306415806186, guid: 1337d9cc0d3597b4da6ae67043a6df74,
        type: 2}
      propertyPath: m_AnchorMax.y
      value: 0
      objectReference: {fileID: 0}
    - target: {fileID: 224491306415806186, guid: 1337d9cc0d3597b4da6ae67043a6df74,
        type: 2}
      propertyPath: m_AnchoredPosition.x
      value: 0
      objectReference: {fileID: 0}
    - target: {fileID: 224491306415806186, guid: 1337d9cc0d3597b4da6ae67043a6df74,
        type: 2}
      propertyPath: m_AnchoredPosition.y
      value: 0
      objectReference: {fileID: 0}
    - target: {fileID: 224491306415806186, guid: 1337d9cc0d3597b4da6ae67043a6df74,
        type: 2}
      propertyPath: m_SizeDelta.x
      value: 0
      objectReference: {fileID: 0}
    - target: {fileID: 224491306415806186, guid: 1337d9cc0d3597b4da6ae67043a6df74,
        type: 2}
      propertyPath: m_SizeDelta.y
      value: 0
      objectReference: {fileID: 0}
    - target: {fileID: 224242954928118294, guid: 1337d9cc0d3597b4da6ae67043a6df74,
        type: 2}
      propertyPath: m_AnchorMin.y
      value: 0
      objectReference: {fileID: 0}
    - target: {fileID: 224242954928118294, guid: 1337d9cc0d3597b4da6ae67043a6df74,
        type: 2}
      propertyPath: m_AnchorMax.y
      value: 0
      objectReference: {fileID: 0}
    - target: {fileID: 224242954928118294, guid: 1337d9cc0d3597b4da6ae67043a6df74,
        type: 2}
      propertyPath: m_AnchoredPosition.x
      value: 0
      objectReference: {fileID: 0}
    - target: {fileID: 224242954928118294, guid: 1337d9cc0d3597b4da6ae67043a6df74,
        type: 2}
      propertyPath: m_AnchoredPosition.y
      value: 0
      objectReference: {fileID: 0}
    - target: {fileID: 224242954928118294, guid: 1337d9cc0d3597b4da6ae67043a6df74,
        type: 2}
      propertyPath: m_SizeDelta.x
      value: 0
      objectReference: {fileID: 0}
    - target: {fileID: 224242954928118294, guid: 1337d9cc0d3597b4da6ae67043a6df74,
        type: 2}
      propertyPath: m_SizeDelta.y
      value: 0
      objectReference: {fileID: 0}
    - target: {fileID: 224522838667438206, guid: 1337d9cc0d3597b4da6ae67043a6df74,
        type: 2}
      propertyPath: m_AnchorMin.y
      value: 0
      objectReference: {fileID: 0}
    - target: {fileID: 224522838667438206, guid: 1337d9cc0d3597b4da6ae67043a6df74,
        type: 2}
      propertyPath: m_AnchorMax.y
      value: 0
      objectReference: {fileID: 0}
    - target: {fileID: 224522838667438206, guid: 1337d9cc0d3597b4da6ae67043a6df74,
        type: 2}
      propertyPath: m_AnchoredPosition.x
      value: 0
      objectReference: {fileID: 0}
    - target: {fileID: 224522838667438206, guid: 1337d9cc0d3597b4da6ae67043a6df74,
        type: 2}
      propertyPath: m_AnchoredPosition.y
      value: 0
      objectReference: {fileID: 0}
    - target: {fileID: 224522838667438206, guid: 1337d9cc0d3597b4da6ae67043a6df74,
        type: 2}
      propertyPath: m_SizeDelta.x
      value: 0
      objectReference: {fileID: 0}
    - target: {fileID: 224522838667438206, guid: 1337d9cc0d3597b4da6ae67043a6df74,
        type: 2}
      propertyPath: m_SizeDelta.y
      value: 0
      objectReference: {fileID: 0}
    - target: {fileID: 224821776162264988, guid: 1337d9cc0d3597b4da6ae67043a6df74,
        type: 2}
      propertyPath: m_AnchorMin.y
      value: 0
      objectReference: {fileID: 0}
    - target: {fileID: 224821776162264988, guid: 1337d9cc0d3597b4da6ae67043a6df74,
        type: 2}
      propertyPath: m_AnchorMax.y
      value: 0
      objectReference: {fileID: 0}
    - target: {fileID: 224821776162264988, guid: 1337d9cc0d3597b4da6ae67043a6df74,
        type: 2}
      propertyPath: m_AnchoredPosition.x
      value: 0
      objectReference: {fileID: 0}
    - target: {fileID: 224821776162264988, guid: 1337d9cc0d3597b4da6ae67043a6df74,
        type: 2}
      propertyPath: m_AnchoredPosition.y
      value: 0
      objectReference: {fileID: 0}
    - target: {fileID: 224821776162264988, guid: 1337d9cc0d3597b4da6ae67043a6df74,
        type: 2}
      propertyPath: m_SizeDelta.x
      value: 0
      objectReference: {fileID: 0}
    - target: {fileID: 224821776162264988, guid: 1337d9cc0d3597b4da6ae67043a6df74,
        type: 2}
      propertyPath: m_SizeDelta.y
      value: 0
      objectReference: {fileID: 0}
    - target: {fileID: 224771050130460548, guid: 1337d9cc0d3597b4da6ae67043a6df74,
        type: 2}
      propertyPath: m_AnchorMin.y
      value: 0
      objectReference: {fileID: 0}
    - target: {fileID: 224771050130460548, guid: 1337d9cc0d3597b4da6ae67043a6df74,
        type: 2}
      propertyPath: m_AnchorMax.y
      value: 0
      objectReference: {fileID: 0}
    - target: {fileID: 224771050130460548, guid: 1337d9cc0d3597b4da6ae67043a6df74,
        type: 2}
      propertyPath: m_AnchoredPosition.x
      value: 0
      objectReference: {fileID: 0}
    - target: {fileID: 224771050130460548, guid: 1337d9cc0d3597b4da6ae67043a6df74,
        type: 2}
      propertyPath: m_AnchoredPosition.y
      value: 0
      objectReference: {fileID: 0}
    - target: {fileID: 224771050130460548, guid: 1337d9cc0d3597b4da6ae67043a6df74,
        type: 2}
      propertyPath: m_SizeDelta.x
      value: 0
      objectReference: {fileID: 0}
    - target: {fileID: 224771050130460548, guid: 1337d9cc0d3597b4da6ae67043a6df74,
        type: 2}
      propertyPath: m_SizeDelta.y
      value: 0
      objectReference: {fileID: 0}
    - target: {fileID: 224781661076163658, guid: 1337d9cc0d3597b4da6ae67043a6df74,
        type: 2}
      propertyPath: m_AnchorMin.y
      value: 0
      objectReference: {fileID: 0}
    - target: {fileID: 224781661076163658, guid: 1337d9cc0d3597b4da6ae67043a6df74,
        type: 2}
      propertyPath: m_AnchorMax.y
      value: 0
      objectReference: {fileID: 0}
    - target: {fileID: 224781661076163658, guid: 1337d9cc0d3597b4da6ae67043a6df74,
        type: 2}
      propertyPath: m_AnchoredPosition.x
      value: 0
      objectReference: {fileID: 0}
    - target: {fileID: 224781661076163658, guid: 1337d9cc0d3597b4da6ae67043a6df74,
        type: 2}
      propertyPath: m_AnchoredPosition.y
      value: 0
      objectReference: {fileID: 0}
    - target: {fileID: 224781661076163658, guid: 1337d9cc0d3597b4da6ae67043a6df74,
        type: 2}
      propertyPath: m_SizeDelta.x
      value: 0
      objectReference: {fileID: 0}
    - target: {fileID: 224781661076163658, guid: 1337d9cc0d3597b4da6ae67043a6df74,
        type: 2}
      propertyPath: m_SizeDelta.y
      value: 0
      objectReference: {fileID: 0}
    m_RemovedComponents: []
  m_ParentPrefab: {fileID: 100100000, guid: 1337d9cc0d3597b4da6ae67043a6df74, type: 2}
  m_IsPrefabParent: 0
